@online{collimator2024,
  author    = {Collimator AI},
  title     = {Car Suspension Design},
  year      = {2024},
  url       = {https://www.collimator.ai/tutorials/car-suspension-design},
  note      = {Accessed: 2024-30-08},
},
@article{Optimization_of_vehicle_suspension_parameters_with_use_of_evolutionary_computation,
  author    = {Goga, Vladimír and KĐúþik, Marian},
  title     = {Optimization of vehicle suspension parameters with use of evolutionary computation},
  year      = {2012},
  url       = {https://www.sciencedirect.com/science/article/pii/S1877705812045651},
  note      = {Accessed: 2024-30-08},
},
@article{WikipediaDamping,
  author    = {Wikipedia contributors},
  title     = {Damping},
  year      = {2024},
  url       = {https://en.wikipedia.org/wiki/Damping},
  note      = {Accessed: 2024-30-08},
}
