@online{Wiki_Copper,
  author = {{Wikipedia contributors}},
  title = {Iron},
  year = {2024},
  url = {https://en.wikipedia.org/wiki/Copper},
  note = {Accessed: 2024-10-24}
},
@online{Wiki_Elec,
  author = {{Wikipedia contributors}},
  title = {Electrical resistivity and conductivity},
  year = {2024},
  url = {https://en.wikipedia.org/wiki/Electrical_resistivity_and_conductivity},
  note = {Accessed: 2024-10-24}
},
@online{Wiki_Iron,
  author = {{Wikipedia contributors}},
  title = {Copper},
  year = {2024},
  url = {https://en.wikipedia.org/wiki/Iron},
  note = {Accessed: 2024-10-24}
}
