@online{Wiki_Hearing,
  author = {{Wikipedia contributors}},
  title = {Hearing Range},
  year = {2024},
  url = {https://en.wikipedia.org/wiki/Hearing_range},
  note = {Accessed: 2024-10-25}
},
