@online{elec_wien,
  author = {Electronics Tutorials},
  title = {Wien Bridge Oscillator},
  year = {n.d.},
  url = {https://www.electronics-tutorials.ws/oscillator/wien_bridge.html},
  note = {Accessed: 2025-03-25}
}
@online{sound_spec_noise,
  author = {Joshua Israelsohn},
  title = {Why Specifications Matter: Part 2 â€“ Noise},
  year = {2024},
  url = {https://www.soundonsound.com/sound-advice/why-specifications-matter-part-2-noise},
  note = {Accessed: 2025-03-25}
}
manual{LT1806DSheet,
  author = {Linear Technology},
  title = {LT1806/LT1807 Datasheet},
  year = {2000},
  url = {https://www.analog.com/media/en/technical-documentation/data-sheets/18067fc.pdf},
  note = {Revision: REV C2, Accessed: 2025-03-25},
}
